Automatically generated by Mendeley Desktop 1.19.4
Any changes to this file will be lost if it is regenerated by Mendeley.

BibTeX export options can be customized via Options -> BibTeX in Mendeley Desktop

@article{Cipollari2009,
author = {Cipollari, Eleonora},
isbn = {2008408418},
pages = {2009},
title = {{Universit{\`{a}} Degli Studi Di Parma Dipartimento}},
year = {2009}
}
